%% This BibTeX bibliography file was created using BibDesk.
%% http://bibdesk.sourceforge.net/


%% Created for QING Pei at 2012-06-08 21:49:30 +0800 


%% Saved with string encoding Unicode (UTF-8) 



@electronic{proquest2006,
	Author = {{ProQuest}},
	Howpublished = {\url{http://www.princeton.edu/~mudd/thesis/Submissionguide.pdf}},
	Title = {{PQ/UMI GradWorks Guide F2006}},
	Year = {2006}}

@electronic{mudd2009,
	Author = {{Seeley G. Mudd Manuscript Library}},
	Howpublished = {\url{http://www.princeton.edu/~mudd/thesis/}},
	Month = {May},
	Year = {2009}}

@electronic{muddthesis2009,
	Author = {{Princeton University Library}},
	Howpublished = {\url{http://www.princeton.edu/~mudd/thesis/MuddDissertationRequirements.pdf}},
	Month = {September},
	Title = {{Doctor of Philosophy Dissertation and Master's Thesis Requirements}},
	Year = {2009}}

@electronic{fear2005booktabs,
	Author = {Fear, S.},
	Howpublished = {Available from CTAN, macros/latex/contrib/booktabs, \url{http://www.ctan.org/tex-archive/macros/latex/contrib/booktabs/booktabs.pdf}},
	Title = {{Publication quality tables in LaTeX}},
	Year = {2005}}

@electronic{dierks2008tls,
	Author = {Dierks, T. and Rescorla, E.},
	Howpublished = {\url{http://tools.ietf.org/html/rfc5246}},
	Institution = {RFC 5246},
	Month = {August},
	Title = {{The Transport Layer Security (TLS) Protocol, Version 1.2}},
	Year = {2008}}

@inproceedings{Dwoskin2007,
	Address = {Alexandria, VA},
	Author = {Jeffrey S Dwoskin and Ruby B. Lee},
	Booktitle = {{Proceedings of the 14th ACM Conference on Computer and Communications Security (CCS 2007)}},
	Month = {October},
	Pages = {389-400},
	Title = {{Hardware-rooted Trust for Secure Key Management and Transient Trust}},
	Year = {2007}}

@conference{McGregor2003,
	Author = {McGregor, J.P. and Karig, D.K. and Shi, Z. and Lee, R.B.},
	Booktitle = {Proceedings of the IEEE International Conference on Information Technology: Research and Education (ITRE 2003)},
	Pages = {243--250},
	Title = {{A Processor Architecture Defense Against Buffer Overflow Attacks}},
	Year = {2003}}

@article{lee2003enlisting,
	Author = {Lee, R. and Karig, D. and McGregor, J.P. and Shi, Z.},
	Journal = {Security in Pervasive Computing, LNCS 2802},
	Month = {March},
	Pages = {237--252},
	Publisher = {Springer},
	Title = {{Enlisting hardware architecture to thwart malicious code injection}},
	Year = {2003}}

@book{anderson2008se,
	Author = {Anderson, R.J.},
	Publisher = {Wiley},
	Title = {{Security Engineering: A guide to building dependable distributed systems}},
	Year = {2008}}

@inbook{walters2007wireless,
	Author = {Walters, J.P. and Liang, Z. and Shi, W. and Chaudhary, V.},
	Chapter = {17},
	Pages = {367},
	Publisher = {Auerbach Publications},
	Series = {Security in Distributed, Grid, Mobile, and Pervasive Computing},
	Title = {{Wireless sensor network security: A survey}},
	Year = {2007}}

@techreport{Dwoskin2008SPRef,
	Author = {Jeffrey S. Dwoskin and Ruby B. Lee},
	Institution = {Princeton University Department of Electrical Engineering Technical Report CE-L2008-008},
	Month = {August},
	Title = {{SP Processor Architecture Reference Manual}},
	Year = {2008}}

@mastersthesis{cotsdust,
	Author = {Seth Hollar},
	Month = {December},
	Note = {\url{http://siliconrobot.com/macro_motes/macromotes.html}},
	School = {UC Berkeley},
	Title = {{COTS Dust}},
	Url = {http://siliconrobot.com/macro_motes/macromotes.html},
	Year = {2000},
	Bdsk-Url-1 = {http://siliconrobot.com/macro_motes/macromotes.html}}

@phdthesis{hill2003saw,
	Author = {Hill, J.L.},
	School = {University of California},
	Title = {{System architecture for wireless sensor networks}},
	Year = {2003}}
