%%%Survey paper with in-depth analysis and discussions
@article{MSLSurvey2011,
    author      = "Haiping Lu and  K. N. Plataniotis and A. N. Venetsanopoulos",
    title       = "A Survey of Multilinear Subspace Learning for Tensor Data",
    journal     = "Pattern Recognition",
    volume      = "44",
    number      = "7",
    month       = "July",
    year        = "2011",
    pages       = "1540--1551"
}

%%%The TNN paper on MPCA
@article{MPCA_TNN2008,
  author        = "H. Lu and  K. N. Plataniotis and A. N. Venetsanopoulos",
  title         = "{MPCA}: Multilinear Principal Component Analysis of Tensor Objects",
  journal       = "IEEE Trans. on Neural Networks",
  volume        = "19",
  number        = "1",
  month         = "January",
  year          = "2008",
  pages         = "18--39"
};

%%%Several extensions of MPCA
@article{UMPCA_TNN2009,
  author        = "H. Lu and  K. N. Plataniotis and A. N. Venetsanopoulos",
  title         = "Uncorrelated Multilinear Principal Component Analysis for Unsupervised Multilinear Subspace Learning",
  journal       = "IEEE Trans. on Neural Networks",
  volume        = "20",
  number        = "11",
  month         = "November",
  year          = "2009",
  pages         = "1820--1836"
};
@article{BMPCA_JIVP2009,
  author        = "H. Lu and  K. N. Plataniotis and A. N. Venetsanopoulos",
  title         = "Boosting Discriminant Learners for Gait Recognition using MPCA Features",
  journal       = "EURASIP Journal on Image and Video Processing",
  volume        = "2009",
  note         =  "Article ID 713183, 11 pages, doi:10.1155/2009/713183.",
  year          = "2009"
};
@inproceedings{RMPCA_ICCV2009,
  author        = "K. Inoue and K. Hara and K. Urahama",
  title         = "Robust multilinear principal component analysis",
  booktitle     = "Proc. {IEEE} Conference on Computer Vision",
  year          = "2009",
  pages         = "591--597"
};
@article{NNMPCA_TASLP2010,
  author        = "Y. Panagakis and C. Kotropoulos and G. R. Arce",
  title         = "Non-Negative Multilinear Principal Component Analysis of Auditory Temporal Modulations for Music Genre Classification",
  journal       = "IEEE Trans. on Audio, Speech, and Language Processing",
  volume        = "18",
  number        = "3",
  month         = "March",
  year          = "2010",
  pages         = "576--588"
};
